<record><leader>00000cas a2200000 a 4500</leader><controlfield tag="001">10555907</controlfield><controlfield tag="008">840323d18951895ksuwr ne      0   a0eng d</controlfield><datafield ind1=" " ind2=" " tag="010"><subfield code="a">sn 83041032 </subfield></datafield><datafield ind1=" " ind2=" " tag="040"><subfield code="a">KSH</subfield><subfield code="b">eng</subfield><subfield code="c">KSH</subfield><subfield code="d">NPT</subfield><subfield code="d">OCL</subfield><subfield code="d">OCLCQ</subfield></datafield><datafield ind1=" " ind2=" " tag="042"><subfield code="a">msc</subfield></datafield><datafield ind1=" " ind2=" " tag="043"><subfield code="a">n-us-ks</subfield></datafield><datafield ind1="0" ind2="4" tag="245"><subfield code="a">The Weir republican.</subfield></datafield><datafield ind1=" " ind2=" " tag="260"><subfield code="a">Weir, Kan. :</subfield><subfield code="b">Will M. Goodwin,</subfield><subfield code="c">1895.</subfield></datafield><datafield ind1=" " ind2=" " tag="300"><subfield code="a">5 nos. :</subfield><subfield code="b">ill. ;</subfield><subfield code="c">50 cm.</subfield></datafield><datafield ind1=" " ind2=" " tag="310"><subfield code="a">Weekly</subfield></datafield><datafield ind1="0" ind2=" " tag="362"><subfield code="a">Vol. 8, no. 32 (Oct. 11, 1895)-v. 8, no. 36 (Nov. 8, 1895).</subfield></datafield><datafield ind1=" " ind2=" " tag="530"><subfield code="a">Available on microfilm from Micro Photo.</subfield></datafield><datafield ind1=" " ind2=" " tag="752"><subfield code="a">United States</subfield><subfield code="b">Kansas</subfield><subfield code="c">Cherokee</subfield><subfield code="d">Weir.</subfield></datafield><datafield ind1="0" ind2="0" tag="780"><subfield code="t">Weir journal</subfield><subfield code="w">(DLC)sn 83041031</subfield></datafield><datafield ind1="0" ind2="0" tag="785"><subfield code="t">Weir City journal</subfield><subfield code="w">(DLC)sn 83041033</subfield></datafield></record>